3116 5166
277 401 331 460 524
837 405 965 456 Labiatae.

280 577 402 639 obscure
425 577 519 650 viridi,
543 575 621 639 foliis
644 577 763 638 densius
786 576 1023 656 pubescentibus,
1046 577 1147 656 calyce
1170 576 1238 656 pilis
1253 577 1388 655 elongatis
1407 578 1491 640 crebris

279 663 452 735 subvilloso,
474 664 583 724 corolla
605 664 724 748 majore,
746 663 918 724 ochroleuca
940 664 1074 744 specifice
1096 663 1253 736 distincta;
1283 663 1381 723 affinis
1399 685 1492 746 quoque

280 749 313 814 S.
336 748 580 834 menthaefolt'ae
595 751 659 812 Vis.
676 751 850 811 dalmaticae
865 761 895 811 et
909 771 1004 830 nuper
1018 771 1036 810 a
1050 749 1190 811 Baldacci
1213 753 1245 810 in
1257 749 1386 810 Albania
1397 753 1492 812 aratrali

281 837 421 908 detectae,
452 857 528 916 quae
550 837 725 897 indumento
748 837 846 898 minus
868 837 981 898 hirsuto
1008 847 1038 897 et
1059 837 1229 916 praesertim
1257 837 1363 916 calycis
1383 836 1493 898 tenuta

280 922 441 995 latioribus,
464 923 590 984 breviter
612 924 797 996 mucronatis,
818 945 874 984 nec
896 925 928 983 in
951 925 1072 984 aristam
1093 923 1239 1003 elongatis
1262 923 1368 985 differt.

369 1009 405 1070 ln
422 1009 587 1088 subalpinis
601 1009 689 1070 Pindi
703 1009 828 1090 dolopici
844 1011 883 1071 ad
899 1009 1068 1073 Gionslrala
1082 1031 1172 1092 supra
1182 1009 1356 1078 Sermaniko
1367 1009 1496 1088 (Hausslr.)

281 1105 311 1156 et
334 1097 363 1155 in
386 1106 437 1157 rnt.
461 1096 614 1158 Ghavellu
635 1097 766 1173 (Form.(.
788 1132 832 1144 -
854 1096 916 1159 Jul.
940 1096 1020 1176 Aug.
1045 1093 1079 1164 21

606 1247 633 1264 ..
657 1199 758 1261 Oculis
780 1199 1001 1281 eglandulosus.

656 1323 663 1380 ;
688 1304 796 1366 Caules
812 1303 1031 1377 adscendentes,
1054 1303 1155 1384 patule
1170 1305 1289 1380 hirsuti;
1312 1303 1383 1363 folia
1396 1303 1499 1364 molliter

686 1390 867 1463 tomentella,
890 1390 959 1471 plus
981 1391 1078 1452 minus
1101 1391 1293 1452 canescentia.

370 1515 419 1571 14.
442 1509 475 1571 S.
499 1511 706 1573 messeniaca
728 1511 807 1572 Bois.
830 1512 930 1592 diagn.
953 1511 1029 1573 XII.
1052 1533 1081 1592 p.
1105 1517 1154 1584 81,
1186 1511 1234 1571 Fl.
1257 1531 1299 1572 or.
1322 1511 1378 1572 IV.
1400 1531 1426 1591 p.
1447 1516 1500 1574 tat.

282 1633 324 1641 —
340 1595 373 1660 S.
392 1595 609 1682 Tournefot'tit'
624 1598 679 1661 Ch.
703 1611 733 1658 et
755 1597 790 1659 B.
813 1620 880 1678 exp.
903 1619 932 1678 p.
959 1604 1027 1671 167,
1050 1597 1098 1662 Fl.
1121 1597 1217 1678 pelop.
1239 1619 1269 1677 p.
1293 1601 1342 1670 37,
1365 1617 1421 1658 non
1434 1598 1501 1668 Por.

282 1704 339 1745 sec.
363 1683 443 1745 Bois.
466 1684 485 1744 l.
508 1705 532 1745 c.
557 1720 594 1729 -
619 1685 754 1748 Exsicc:
777 1685 884 1748 Heldr.
908 1685 949 1764 pl.
970 1684 1006 1748 fl.
1028 1683 1137 1746 hellen.
1159 1705 1185 1744 a.
1213 1689 1303 1746 1862.

370 1786 512 1848 Oaulibus
534 1788 790 1862 adscendentibus
812 1788 993 1869 simplicibus
1009 1788 1057 1850 vel
1072 1809 1158 1868 parce
1172 1789 1305 1859 ramosis,
1328 1787 1394 1867 pilis
1415 1786 1501 1866 patriis

284 1874 423 1935 mollibus
450 1873 541 1934 dense
570 1875 704 1948 hirsutis;
734 1875 813 1936 foliis
842 1874 1085 1956 ovato-oblongis,
1114 1875 1237 1948 obbtsis,
1267 1875 1503 1944 obtuse-cranaha

283 1960 347 2020 basi
370 1960 505 2033 cordatis,
529 1963 666 2042 utrinque
688 1963 739 2022 sed
754 1961 857 2023 subtus
881 1962 1000 2022 densius
1020 1961 1205 2034 tomentellis,
1229 1959 1413 2021 inferioribus
1433 1961 1505 2039 petio-

283 2045 359 2120 latis‚
382 2047 579 2126 superioribus
594 2048 760 2120 sessilibus;
783 2048 994 2110 verticillastris
1011 2053 1094 2111 3-6
1108 2049 1200 2120 floris,
1222 2049 1253 2108 in
1269 2049 1382 2126 spicam
1404 2046 1504 2106 breren

283 2133 512 2212 approximatis;
535 2135 645 2214 calycis
666 2134 835 2214 glandulosi
858 2135 983 2215 pilisque
1005 2134 1189 2214 longioribus
1211 2134 1321 2214 patulis
1337 2133 1435 2194 hirsuti
1449 2133 1505 2192 den·

284 2220 362 2280 tibus
385 2219 748 2300 triangulari-lanceolata,
772 2221 896 2286 breviter
918 2222 1103 2294 mucronatis,
1132 2219 1227 2293 rectis,
1258 2220 1330 2281 tubo
1351 2219 1436 2299 triplo
1456 2219 1506 2279 bre

282 2306 427 2384 vioribus;
457 2307 583 2368 corollae
613 2309 808 2382 ochroleucae,
836 2306 1157 2388 purpureomaoulatae
1189 2307 1260 2368 tubo
1290 2305 1412 2376 inclusa
1441 2304 1505 2366 labio

283 2393 432 2472 superiore
453 2393 794 2473 glandulosopuberulo.
817 2431 860 2440 -
882 2395 997 2455 Differt
1021 2415 1040 2455 a
1061 2394 1178 2455 duabus
1207 2393 1444 2456 antecedentibus
1464 2402 1509 2450 sta·

284 2489 350 2540 tura
371 2481 483 2553 minori,
511 2480 589 2541 foliis
616 2481 784 2553 minoribus
815 2481 934 2554 obtusis,
963 2482 1026 2543 basi
1055 2481 1181 2542 cordatis
1209 2491 1239 2541 et
1260 2479 1368 2559 calycie
1391 2477 1508 2540 dentibus

284 2566 410 2626 breviter
432 2569 617 2640 mucronatia,
649 2589 703 2629 nec
732 2568 821 2647 longe
843 2569 978 2639 cristatis,
1008 2566 1082 2632 aS.
1106 2565 1334 2646 metaboefolia
1357 2565 1420 2627 Vis.
1441 2563 1509 2624 indu·

285 2661 385 2713 mento
408 2653 549 2727 densiore,
572 2654 652 2715 foliis
674 2654 809 2728 cordatis,
832 2654 911 2715 foliis
934 2655 995 2715 iere
1017 2653 1109 2734 duplo
1132 2653 1301 2714 minoribus.

371 2739 409 2800 In
431 2740 614 2820 rupestribus
629 2743 755 2820 regionis
771 2741 916 2802 inferioris
931 2751 961 2802 et
976 2750 1141 2802 montanae.
1187 2739 1354 2804 Messenia:
1378 2759 1420 2818 pr.
1435 2736 1510 2816 Pylos

285 2847 378 2906 usque
406 2826 445 2886 ad
474 2836 524 2887 mt
547 2827 682 2900 Diaforti,
712 2849 756 2908 pr.
780 2827 930 2906 Phigalea,
953 2827 1146 2889 'Androvista
1176 2827 1216 2888 ad
1238 2827 1351 2886 radices
1381 2835 1430 2886 mt.
1449 2824 1511 2902 Tap·

284 2922 366 2991 getos
388 2913 540 2992 (Chaub.);
570 2914 717 2974 indicatur
744 2935 861 2994 quoque
890 2915 921 2974 in
949 2925 1000 2978 nrt.
1025 2913 1084 2974 Dia
1112 2914 1229 2974 insulae
1251 2913 1356 2974 Naxos
1386 2909 1510 2991 (Chaubl

286 2999 338 3059 sed
361 2999 550 3078 probabiliter
571 3022 608 3062 ex
630 3001 809 3062 confusione.
836 3037 872 3045 —
897 3001 971 3080 Apr.
993 2999 1066 3064 Jun.
1091 2995 1124 3068 Ἁ

375 3127 422 3182 13.
446 3119 478 3182 S.
501 3121 685 3182 canescens
709 3120 762 3182 Ch.
786 3129 815 3180 et
837 3120 873 3184 B.
897 3141 963 3200 exp.
987 3142 1017 3201 p.
1036 3126 1106 3192 167,
1129 3121 1178 3182 Fl.
1201 3119 1298 3200 pelop.
1320 3141 1350 3199 p.
1375 3123 1429 3190 37;
1449 3117 1509 3178 Boia

287 3205 321 3269 fl.
345 3226 384 3268 or.
414 3205 470 3267 IV.
498 3227 527 3286 p.
555 3213 624 3270 728.
650 3243 690 3254 ·-
714 3207 848 3268 Exsicc:
876 3207 984 3270 Heldr.
1012 3206 1093 3268 herb.
1123 3227 1216 3268 norm.
1243 3228 1275 3270 n.
1308 3210 1391 3269 1365
1418 3204 1467 3265 sub
1484 3201 1507 3267 S.

286 3291 489 3357 messeniacu.

374 3379 486 3440 Differt
507 3400 526 3440 a
547 3381 746 3459 praecedente,
770 3381 817 3441 cui
834 3379 920 3442 valde
943 3379 1053 3453 affinis,
1076 3379 1156 3440 foliis
1170 3380 1306 3460 oblongis
1329 3378 1378 3441 vel
1395 3377 1507 3456 oblongo

288 3465 467 3538 lanceolatis,
497 3467 726 3545 angustioribus,
757 3469 852 3528 acutis
880 3466 930 3527 vel
960 3466 1165 3547 acutiusculis,
1197 3466 1261 3527 basi
1292 3466 1450 3528 rotundatis
1473 3461 1507 3523 vel

286 3553 455 3626 attenuatis,
478 3555 571 3632 magis
594 3554 819 3615 canescentibus
834 3563 863 3614 et
877 3554 1048 3632 praesertim
1070 3552 1179 3634 calycis
1202 3553 1343 3614 dentibus
1360 3550 1508 3613 lanceolata

288 3639 443 3712 subulatis,
466 3641 689 3720 erectcpatulis,
713 3639 785 3701 tubo
808 3638 998 3720 aequilongis.

374 3726 413 3786 In
440 3726 620 3805 rupestribus
649 3727 774 3808 regionis
803 3727 949 3787 inferioris
977 3735 1008 3786 et
1036 3725 1259 3788 subnrontanae
1304 3724 1444 3786 Laconia:
1471 3730 1508 3779 nrt

289 3812 406 3884 Selitza,
430 3833 473 3892 pr.
496 3811 658 3874 Kalamata
679 3814 805 3892 (Zahnt
835 3813 987 3883 Chimova,
1011 3811 1128 3885 Vitilos,
1151 3813 1314 3885 Kisternes,
1338 3810 1378 3872 ad
1398 3826 1508 3891 promon-

288 3899 396 3959 terium
417 3898 582 3974 Taenaron,
605 3919 648 3979 pr.
671 3899 878 3960 Monembasia
898 3897 1047 3978 (Chaub.).
1072 3935 1115 3944 -
1137 3899 1212 3979 Apr.
1234 3899 1307 3961 Jun.
1332 3895 1364 3960 91

653 4025 674 4076 ;;
698 4003 805 4065 caule
828 4003 923 4074 erecti,
947 4001 1073 4082 rigiduli,
1094 4002 1221 4064 breviter
1242 4001 1328 4079 hirti3
1356 3999 1424 4061 folia
1442 4015 1509 4078 paroe

697 4090 781 4162 hirta,
804 4089 917 4152 viridia.

697 4244 706 4274 ,
731 4192 850 4255 Corolla
879 4191 1068 4270 oehroleuca3
1097 4193 1236 4253 antherae
1263 4190 1377 4252 labium
1401 4186 1508 4268 suadas

731 4279 957 4360 subsequantes.

379 4408 428 4465 16.
453 4401 485 4464 S.
509 4401 674 4462 Parollnli
698 4402 762 4463 Vis.
792 4403 822 4461 in
850 4421 935 4462 mern.
965 4403 1011 4465 ist.
1044 4409 1139 4463 venet.
1163 4399 1189 4462 I.
1218 4421 1247 4480 p.
1273 4403 1312 4463 10
1342 4407 1362 4462 t.
1387 4403 1421 4470 t;
1446 4393 1508 4455 Bois

289 4489 324 4551 fl.
348 4509 388 4549 or.
411 4489 469 4552 IV.
500 4509 530 4569 p.
557 4493 634 4566 7303
666 4489 771 4551 Heldr.
801 4487 835 4551 fl.
864 4487 977 4568 cephal.
1009 4508 1038 4567 p.
1068 4491 1123 4562 59;
1156 4485 1230 4547 Hal.
1254 4485 1343 4548 Beitr.
1372 4483 1404 4548 fl.
1429 4476 1507 4542 Aetol.

292 4597 319 4656 p.
345 4581 372 4648 2,
396 4575 484 4638 Beitr.
509 4575 542 4636 il.
565 4575 680 4636 Achaia
703 4597 732 4655 p.
758 4579 808 4638 30.
833 4611 874 4620 -
897 4575 1032 4638 Exsicc.:
1056 4573 1128 4634 Hal.
1151 4574 1182 4636 it.
1204 4593 1248 4652 gr.
1272 4591 1299 4637 a.
1325 4575 1412 4635 1893.
