3196 5172
671 410 800 460 labiatae.
1286 403 1340 462 559

174 583 200 634 2.
219 582 310 634 sectio.
337 579 470 648 Piperella
489 581 579 634 Willk.
598 591 624 630 et
641 583 726 644 Lange
745 597 783 644 pr.
802 583 827 633 fl.
846 582 913 645 hisp.
933 581 967 630 11.
986 598 1012 646 p.
1032 582 1091 632 404.
1111 607 1144 618 -·
1162 581 1263 644 Calycie
1280 580 1338 630 suh·

81 653 155 716 gibbi
174 652 271 702 labium
290 655 407 715 superius
425 652 476 701 late
494 657 607 712 ovatum,
633 652 663 699 ad
690 658 806 713 quartam
831 659 929 714 partem
958 651 984 698 in
1002 651 1090 700 dentes
1107 651 1220 700 breviter
1245 657 1270 700 et
1288 649 1339 698 late

81 722 264 784 triangulares,
283 730 376 784 acutos,
396 721 570 784 subaequales,
589 721 706 769 laterales
725 736 817 784 nempe
836 721 919 769 medio
937 719 1102 780 subminores,
1121 719 1241 769 divisum.

454 805 498 862 15.
517 805 549 861 Τ.
569 805 760 859 teucrintdes
780 808 847 857 Bois.
866 813 891 856 et
909 809 966 870 Spr.

176 971 205 1029 1.
230 965 335 1028 Sectio.
374 963 551 1046 Euthymios
566 963 656 1028 Borb.
681 965 713 1024 in
729 964 819 1024 math.
843 966 972 1024 termesz.
987 961 1076 1024 szl.
1092 961 1217 1023 XXIV.
1240 983 1269 1042 p.
1287 966 1339 1025 48.

81 1087 126 1097 -
150 1051 273 1132 Calycis
301 1073 361 1112 non
394 1051 473 1132 gibbi
503 1051 616 1112 labium
649 1052 781 1131 superius
811 1059 930 1111 ovatum
961 1050 1131 1128 saepissime
1161 1049 1198 1109 ad
1222 1049 1337 1109 tertiam

82 1139 145 1285 (qel
164 1139 290 1199 mediam
320 1147 432 1219 partem
464 1139 495 1198 in
527 1138 629 1198 dentes
661 1137 841 1198 lanceolatos
875 1135 923 1197 vel
957 1134 1165 1216 triangulares,
1199 1135 1338 1215 aequales

105 1247 227 1286 rvrsum.

219 1349 245 1392 a.
268 1329 356 1390 Folia
377 1330 510 1408 margine
532 1327 672 1389 revoluta.

267 1451 298 1496 α.
320 1431 408 1492 Folia
430 1431 547 1492 floralia
569 1432 692 1492 caulinis
715 1431 942 1492 subconformia

178 1577 205 1630 1.
228 1571 264 1630 Τ.
289 1567 452 1630 Boissiari
470 1569 541 1629 Hal.
557 1569 647 1630 Beitr.
671 1569 705 1631 fl.
730 1569 811 1648 Epir.
834 1589 863 1648 p.
888 1574 942 1640 37;
965 1569 1065 1630 Form.
1088 1568 1120 1627 in
1144 1567 1215 1629 Ver.
1231 1567 1338 1628 Briinn

86 1661 173 1718 1896
198 1678 228 1736 p.
253 1662 302 1719 67.
325 1692 366 1702 -
392 1655 427 1719 T.
456 1655 600 1720 hirsutus
622 1655 700 1716 Bois.
728 1656 763 1718 fl.
793 1676 834 1715 or.
858 1655 915 1717 IV.
939 1677 967 1735 p.
994 1661 1055 1717 557
1083 1675 1112 1734 p.
1136 1676 1181 1735 p.;
1211 1675 1272 1714 non
1295 1653 1338 1714 M.

83 1743 161 1803 aB.
195 1780 238 1788 -
262 1743 298 1806 T.
327 1742 471 1807 hirardus
500 1764 527 1806 v.
561 1741 760 1806 humillimas
782 1742 868 1802 Bald.
896 1743 948 1802 riv.
979 1741 1046 1804 coll.
1073 1741 1134 1803 bot.
1164 1741 1223 1802 alb.
1256 1746 1338 1804 1895

83 1851 111 1910 p.
137 1835 199 1902 61;
230 1850 291 1890 non
316 1829 350 1894 T.
382 1828 581 1894 humillimus
604 1829 707 1892 Celak.
739 1830 769 1888 in
793 1827 885 1888 Flora
910 1834 992 1891 1884
1015 1849 1043 1908 p.
1067 1833 1139 1900 534,
1162 1829 1213 1907 qui
1236 1852 1278 1883 =
1302 1827 1338 1892 T.

84 1915 314 1981 cherlerioides
329 1917 394 1978 vis.
418 1916 460 1978 ill.
484 1915 539 1977 alc.
562 1918 662 1995 plante
679 1915 764 1977 Grec.
788 1937 812 1976 c.
828 1916 884 1976 As.
906 1917 979 1978 min.
1006 1920 1088 1978 1842
1112 1935 1142 1994 p.
1167 1913 1250 1993 8(T.
1275 1913 1340 1978 hit·-

83 2008 179 2067 sutus
206 2003 283 2066 Sint.
311 2005 343 2063 it.
372 2004 477 2083 trojan.
509 2007 590 2065 1883
621 2024 650 2062 n.
684 2005 777 2078 1176)
807 2012 837 2062 et
866 2012 1006 2062 anostro
1037 2001 1139 2062 differt
1166 2001 1254 2061 ramis
1277 2000 1340 2061 bre·

84 2090 228 2162 vissimis,
251 2091 392 2170 caespites
414 2090 605 2150 densissimos
628 2088 834 2160 formantibus,
864 2089 1000 2168 capitulis
1024 2109 1040 2148 e
1062 2089 1189 2167 caespite
1219 2089 1269 2148 vix
1291 2109 1340 2148 ex·

84 2177 182 2248 scriis,
216 2177 295 2238 foliis
318 2176 488 2248 minoribus,
520 2175 815 2256 calatino-puberulis
846 2184 876 2234 et
897 2175 1007 2252 calycis
1030 2176 1128 2234 minus
1157 2173 1247 2234 ciliati
1271 2174 1341 2234 den·

84 2262 168 2324 tibus
192 2262 263 2322 labii
286 2263 440 2342 superioris
464 2262 653 2323 brevioribus.
678 2298 717 2308 -
742 2262 875 2323 Exsiccr
899 2261 971 2320 Hal.
997 2261 1026 2322 it.
1049 2281 1091 2339 gr.
1115 2281 1170 2320 sec.
1194 2265 1340 2333 a.1893;

85 2348 178 2412 Bald.
202 2351 232 2409 it.
255 2349 314 2411 alb.
337 2350 406 2428 epir.
430 2349 489 2410 III.
512 2371 541 2408 n.
567 2354 636 2412 184.

178 2437 350 2496 Rhizomate
365 2436 567 2507 suffraticoso;
591 2434 725 2496 caulibus
737 2433 991 2505 numerosissimis,
1008 2433 1150 2513 caespites
1166 2431 1338 2512 pulvinatos

85 2522 294 2596 formantibus,
325 2524 412 2582 ramis
443 2522 590 2594 brevibus,
621 2523 712 2582 dense
734 2521 853 2593 foliosis,
884 2520 1070 2580 circumcirca
1096 2517 1198 2598 patule
1221 2517 1339 2600 pilosis;

84 2608 167 2668 foliis
182 2619 308 2688 angusta
323 2608 490 2682 linearibus,
514 2609 637 2689 obtusis,
660 2607 811 2680 viridibus,
835 2607 1032 2686 impunctatis.
1057 2608 1188 2686 margine
1207 2604 1339 2666 revoluto

83 2695 177 2774 longe
200 2695 396 2766 albociliatis,
428 2706 556 2756 ceterum
578 2695 768 2774 glaberrimis,
797 2695 896 2754 nervis
926 2693 1106 2753 secundariis
1135 2691 1273 2753 obsoletis
1296 2692 1339 2752 in-

85 2784 216 2854 structis,
239 2781 397 2842 floralibus
420 2782 636 2854 sublatioribus,
660 2781 843 2853 rubentibus,
866 2780 1074 2860 penninerviis,
1097 2778 1212 2860 calyces
1235 2798 1339 2860 parum

86 2869 315 2948 superantibus;
343 2868 468 2929 floribus
500 2868 694 2948 pedicellatis,
729 2868 760 2926 in
793 2867 924 2946 capitula
958 2865 1137 2946 subglobosa
1170 2865 1218 2926 vel
1253 2876 1341 2926 orata

85 2956 250 3032 congestim
280 2955 390 3034 calycis
420 2955 566 3034 bilabiati,
596 2954 741 3026 rubentis,
772 2953 872 3032 patule
901 2953 1018 3025 hirsuti,
1057 2953 1231 3031 impunctati
1261 2951 1339 3012 labio

87 3043 237 3121 superiore
260 3041 299 3102 ad
315 3042 442 3102 medium
459 3043 489 3100 in
505 3041 608 3101 dentes
623 3041 805 3101 lanceolatos
828 3039 907 3112 fisso,
931 3039 1000 3100 labii
1024 3039 1177 3110 inferioris,
1200 3039 1340 3118 superiori

86 3127 259 3208 aequilongi
288 3127 428 3188 dentibus
457 3127 614 3198 subulatis;
643 3126 769 3187 corollae
795 3147 911 3206 parvae,
943 3146 1105 3205 purpureae
1134 3125 1205 3186 tubo
1232 3124 1340 3204 calycis

87 3214 194 3274 dentes
224 3216 275 3276 vix
306 3225 472 3294 superante.
497 3215 682 3294 —Species
711 3213 839 3292 elegans„
871 3211 907 3275 T.
931 3211 1055 3276 hirsuto
1078 3212 1121 3273 M.
1150 3232 1177 3275 a.
1201 3211 1237 3274 Β.
1262 3210 1341 3272 foliis

87 3302 248 3381 punctatis,
272 3302 403 3380 undique
415 3302 542 3374 hirsutis,
566 3300 798 3370 canescentibus
822 3298 930 3378 calycis
945 3298 1015 3359 labii
1032 3299 1187 3378 superioris
1202 3297 1341 3358 dentibus

88 3386 245 3448 latioribus
268 3388 511 3466 brevioribusque
539 3397 568 3448 et
599 3386 709 3448 corolla
738 3385 885 3466 pellucide
907 3395 1051 3466 punctata
1079 3385 1194 3465 egregie
1215 3385 1339 3454 diverse,

87 3474 203 3534 affinis.
1081 3487 1085 3496 ’

178 3561 216 3620 In
244 3559 371 3621 herbidis
405 3561 517 3620 saxosis
548 3560 675 3639 regionis
709 3559 876 3638 superioris.
931 3559 1054 3638 Epirus:
1089 3567 1138 3620 mt.
1175 3557 1341 3618 Tsumerka

88 3646 209 3724 (Bata),
233 3647 469 3726 frequentissime
491 3647 521 3706 in
544 3647 700 3706 cacumine
723 3657 774 3707 mt.
796 3645 934 3705 Peristeri
958 3645 1075 3724 (Hal.);
1098 3643 1265 3704 Thessalia:
1289 3655 1340 3704 mt.

89 3733 242 3813 Olympus
264 3743 294 3793 et
317 3734 395 3795 Ossa
417 3733 555 3812 (Heldr.).
580 3767 621 3778 -
644 3732 708 3796 Jul.
732 3733 812 3812 Aug.
835 3737 866 3806 ‘lt

179 3877 207 3933 2.
233 3871 271 3930 Τ.
294 3869 616 3942 cibato-pubescens
640 3868 713 3930 Hal.
738 3868 827 3930 Beitr.
853 3867 886 3928 fl.
909 3868 993 3947 Epir.
1025 3889 1053 3946 p.
1078 3872 1117 3930 37
1141 3887 1194 3946 pro
1217 3885 1277 3929 var.
1304 3865 1340 3930 Τ.

88 3955 262 4021 Botssierf.
285 3992 327 4002 —
352 3955 388 4020 T.
413 3955 557 4019 hirsutas
579 3954 653 4016 Hal.
682 3956 713 4014 in
744 3976 768 4018 z.
794 3953 822 4014 b.
845 3953 884 4015 G.
912 3959 993 4014 1888
1017 3975 1046 4032 p.
1070 3959 1141 4026 761,
1172 3973 1233 4012 non
1256 3952 1300 4014 Μ.
1324 3973 1342 4012 a

88 4045 123 4105 B.
147 4080 190 4089 —
214 4044 347 4104 Exsicc:
371 4043 444 4104 Hal.
468 4043 497 4102 it.
519 4063 562 4120 gr.
587 4062 614 4102 a.
641 4047 733 4104 1888.

176 4131 354 4190 Rhizomate
383 4129 588 4200 suffraticos03
617 4126 751 4187 caulibus
774 4126 944 4199 numerosis,
974 4126 1118 4204 caespites
1152 4125 1261 4186 densos
1284 4125 1342 4186 for·

88 4217 249 4288 mantibus,
272 4218 361 4276 ramis
378 4216 523 4286 brevibus,
547 4216 638 4275 dense
653 4213 771 4285 foliosis,
795 4214 980 4273 circumcirca
1002 4211 1103 4290 patule
1125 4213 1239 4292 pilosis;
1262 4211 1341 4272 foliis

87 4302 259 4376 linearibus,
283 4302 404 4375 obtusis,
427 4301 575 4372 viridibus,
599 4321 687 4380 parce
710 4301 868 4380 punctatis,
891 4299 1022 4379 undique
1045 4299 1123 4379 pube
1146 4299 1343 4360 minutissima

89 4391 237 4461 velutinis,
261 4391 394 4472 margine
410 4387 543 4449 revoluto
556 4388 645 4466 longe
668 4387 861 4457 albociliatis,
885 4386 983 4446 nervis
999 4386 1179 4446 secundariis
1203 4385 1341 4446 obsoletis

89 4477 248 4548 instructis,
279 4475 435 4536 floralibus
465 4473 685 4545 sublatioribus,
719 4475 768 4533 vix
795 4473 944 4544 coloratis,
975 4473 1190 4552 penuinerviis,
1224 4471 1341 4551 calyces

90 4583 196 4642 param
229 4562 454 4642 superantibus;
480 4561 605 4622 floribus
633 4559 828 4640 pediccllatis,
859 4560 888 4618 in
919 4558 1049 4639 capitula
1078 4569 1166 4620 ovata
1192 4559 1241 4620 vel
1271 4559 1342 4620 sub·
