3196 5172
628 387 757 439 Labiatae.
1263 385 1317 444 593

18 546 23 554 ’
71 559 220 639 superiore
242 560 281 620 ad
303 560 475 623 mediumin
500 560 602 620 dentes
617 559 797 622 lanceolatos
813 561 891 634 freso,
914 560 983 622 labii
999 561 1152 632 inferioris,
1176 561 1316 640 superiori

70 645 241 725 asquilongi
263 647 402 708 dentibus
424 646 575 719 subulatis,
599 647 739 708 omnibus
762 647 1052 728 pectinata-ciliatis;
1082 646 1208 708 corollae
1231 647 1317 708 albae

72 733 146 792 tubo
168 732 277 812 calycis
304 733 407 794 dentes
435 753 496 794 non
519 741 685 812 superante.
712 769 750 780 -
775 734 894 814 Species
917 734 995 795 foliis
1018 734 1126 814 rigidis,
1149 733 1316 805 linearibus,

72 818 185 897 glabris
206 827 236 879 et
257 818 381 880 floribus
404 819 480 880 albis
502 821 627 900 egregia.

161 923 199 982 Irr
221 925 334 984 saxosis
355 924 483 1002 regionis
505 933 672 996 montanae,
695 933 729 984 ut
751 924 867 985 videtur
887 944 959 986 rare.
1003 923 1172 986 Thessalia:
1196 945 1238 1004 pr.
1262 924 1317 984 Mi·

71 1007 146 1070 luna
174 1010 204 1068 in
232 1009 363 1090 Olympo
385 1011 520 1090 (Form.);
549 1010 661 1070 Attica:
692 1019 742 1074 mt.
767 1010 939 1090 Hymetius,
968 1010 1142 1072 Pentelicon
1172 1009 1316 1091 (Heldr.);

71 1095 204 1157 Achaia:
227 1117 270 1177 pr.
293 1096 516 1178 Megaspilaeon
540 1096 644 1174 (Hal).
669 1133 710 1142 -
734 1097 824 1170 Maio,
847 1098 921 1161 dun.
947 1098 977 1176 Oi

161 1222 190 1280 9.
213 1218 247 1278 Τ.
271 1215 412 1278 striatas
435 1215 525 1278 Vahl.
549 1217 646 1297 symb.
670 1237 697 1298 p.
724 1223 778 1290 78;
803 1217 888 1278 Bald.
911 1218 963 1280 riv.
986 1217 1052 1281 coll.
1078 1218 1137 1282 hot.
1155 1217 1214 1283 alb.
1235 1223 1317 1283 1895

71 1326 101 1384 p.
127 1310 178 1377 61,
204 1308 285 1366 1896
308 1325 337 1383 p.
363 1311 418 1376 85;
448 1304 546 1365 Fornr.
569 1305 601 1364 in
623 1304 695 1366 Ver.
716 1303 822 1364 Brsrnn
848 1309 930 1368 1896
953 1325 982 1384 p.
1006 1311 1055 1368 67.
1081 1340 1122 1349 -
1151 1303 1185 1368 Τ.
1213 1303 1317 1368 Obau-

72 1391 169 1455 bardi
192 1389 264 1451 Hal.
287 1390 375 1452 Beitr.
398 1390 431 1450 fl.
454 1391 536 1470 Epir.
559 1411 588 1470 p.
612 1396 661 1463 36,
684 1411 743 1451 non
767 1390 847 1451 Bois.
870 1401 899 1450 et
921 1391 1026 1452 Heldr.
1050 1427 1092 1436 —
1117 1389 1152 1454 Τ.
1177 1410 1316 1473 parony-

70 1477 214 1544 chioides
239 1476 373 1538 Haussk.
401 1476 494 1556 symb.
524 1497 553 1556 p.
585 1482 626 1539 50
655 1497 693 1536 ex
721 1477 930 1557 speciminibus
960 1477 991 1536 in
1025 1477 1099 1540 Sint.
1134 1479 1164 1539 it.
1200 1477 1317 1539 thessal.

71 1585 102 1628 n.
129 1569 192 1626 462
222 1563 396 1635 distributis;
423 1583 485 1623 non
509 1562 612 1626 (lelak.
641 1563 672 1622 in
695 1562 786 1624 Flora
811 1568 892 1625 1882
923 1584 952 1643 p.
987 1569 1058 1636 584,
1089 1564 1139 1644 qui
1169 1562 1249 1624 foliis
1272 1573 1318 1624 sat

70 1651 149 1723 latis,
173 1670 260 1730 supra
282 1649 371 1729 longe
394 1650 521 1721 hirsutis,
550 1650 673 1710 bracteis
696 1649 841 1722 maximia
871 1649 978 1729 calycis
1006 1650 1086 1712 labio
1109 1651 1256 1730 superiore
1279 1649 1317 1711 ad

70 1751 206 1817 quartam
230 1745 341 1816 partem
362 1746 479 1796 tantum
501 1738 582 1809 fisso,
610 1735 698 1796 dente
720 1736 816 1796 medio
846 1735 1017 1798 lateralibus
1038 1737 1147 1816 majore
1170 1757 1188 1797 a
1210 1735 1317 1817 planta

71 1823 203 1884 thessala
224 1823 311 1884 valde
333 1823 463 1884 discedit.
480 1859 521 1866 -
537 1823 609 1882 Huc
625 1823 725 1882 forsan
742 1831 869 1904 spectat:
894 1821 929 1885 T.
945 1823 1115 1904 serpyllum
1131 1843 1158 1886 v.
1176 1821 1317 1905 anqusti-

62 1909 172 1994 solius
194 1909 275 1970 Bois.
303 1909 336 1971 fl.
359 1930 399 1970 or.
422 1909 480 1973 IV.
504 1931 532 1989 p.
556 1915 618 1972 556
649 1909 746 1988 quoad
769 1908 809 1988 pl.
833 1919 923 1974 emt.
948 1909 1079 1989 Dirphys
1103 1909 1251 1970 Euboeae.
1280 1945 1316 1955 -

72 1997 207 2058 Exsioe.:
241 1995 314 2056 Hal.
344 1997 375 2056 it.
402 2017 445 2074 gr.
469 2017 524 2056 sec.
547 2016 574 2058 a.
602 2000 701 2066 1893;
730 1995 806 2058 Sint.
832 1997 862 2058 it.
887 1995 1005 2057 thessal.
1028 2017 1057 2055 n.
1081 1999 1143 2057 462
1168 2005 1197 2056 et
1223 1999 1316 2061 1519.

159 2103 333 2162 Rhizomate
362 2101 562 2175 suflruticoso;
593 2100 727 2162 caulibus
750 2101 1019 2180 procumbentibus,
1050 2121 1137 2182 saepe
1163 2101 1316 2179 elongatis,

70 2189 162 2247 rumis
184 2187 323 2248 floriferis
344 2189 445 2248 erectis
462 2188 509 2247 vel
524 2187 778 2260 adscendentibus,
802 2188 934 2267 undique
948 2189 1047 2260 hirtis;
1070 2187 1150 2248 foliis
1166 2187 1316 2260 viridibus,

72 2273 249 2346 linearibus,
280 2274 504 2346 obtusiusculis,
536 2274 622 2334 basin
652 2294 753 2334 versus
783 2273 910 2334 breviter
943 2275 1123 2354 angustatis,
1158 2276 1317 2354 punctatis,

69 2360 187 2433 ciliatis,
210 2370 336 2421 ceterum
351 2361 540 2440 glaberrimis,
564 2360 668 2420 subtus
684 2380 775 2420 nervo
797 2360 929 2420 validiori
954 2360 1189 2440 secundariisque
1212 2381 1316 2440 parum

70 2447 247 2525 prominulis
276 2448 432 2520 instructis,
466 2446 622 2508 floralibus
658 2446 939 2515 ovato-lanceolatis,
966 2446 1180 2526 glabriusculie,
1213 2445 1317 2506 ciliatis

70 2533 178 2594 subtus
210 2533 411 2613 plurinerviis3
446 2532 570 2594 floribus
602 2533 729 2594 breviter
757 2532 946 2613 pedicellatis,
976 2534 1007 2592 in
1037 2532 1166 2612 capitula
1194 2531 1317 2612 globosa

70 2621 120 2679 vel
150 2629 238 2680 ovata
265 2621 422 2699 congestim
452 2619 560 2699 oslycis
590 2619 730 2690 bilabiati,
760 2620 877 2698 saepius
907 2619 1052 2692 rubentis,
1087 2618 1196 2692 lrirtuli,
1230 2639 1316 2698 parce

70 2707 207 2785 punctati
230 2705 310 2766 labio
339 2707 484 2784 superiore
515 2706 553 2766 ad
576 2707 693 2765 tertiam
716 2715 829 2785 partem
853 2707 882 2765 in
906 2707 1009 2766 dentes
1032 2705 1211 2766 lanceolatos
1234 2705 1315 2776 fisso,

69 2791 142 2852 labii
165 2792 317 2865 inferioris,
341 2793 480 2872 superiori
504 2792 672 2871 aequilongi
694 2791 832 2852 dentibus
853 2791 1005 2864 subulatis,
1029 2793 1166 2852 omnibus
1189 2792 1317 2854 breviter

70 2877 349 2957 pectinatociliatis;
380 2877 504 2938 corollae
527 2899 625 2938 roseae
648 2878 720 2938 tubo
743 2879 851 2958 calycis
874 2878 977 2938 dentes
1000 2899 1060 2938 non
1084 2888 1249 2958 superante.
1273 2913 1316 2924 —

70 2965 266 3025 Praecedenti
293 2963 380 3026 valde
406 2965 523 3036 affinis,
553 2965 592 3024 ab
619 2983 653 3024 eo
682 2965 817 3026 caulibus
847 2965 984 3026 floriferis
1014 2965 1208 3036 tenuioribus,
1240 2963 1317 3026 foliis

69 3053 171 3110 minus
193 3051 301 3128 rigidis,
325 3051 410 3112 basin
434 3071 535 3111 versus
558 3071 617 3110 non
641 3050 729 3130 longe
752 3053 917 3124 attenuatis,
941 3051 1096 3112 floralibus
1112 3051 1318 3130 subangustio·

69 3137 159 3209 ribus,
183 3137 292 3216 calycis
314 3137 452 3198 dentibus
482 3137 551 3198 labii
581 3138 735 3216 superioris
757 3137 918 3210 latioribus,
947 3139 1063 3200 bravius
1091 3138 1266 3198 acuminatis
1289 3147 1318 3198 et

67 3223 182 3284 corolla
203 3243 286 3284 rosea
309 3224 440 3286 discedit.

158 3328 196 3387 Irr
219 3325 348 3388 herbidis
370 3327 493 3404 regionis
521 3337 678 3387 montanae
706 3337 735 3386 et
758 3327 941 3406 subalpinae.
986 3327 1111 3407 Epirus:
1143 3337 1194 3388 mt.
1219 3326 1317 3386 Maria

68 3413 153 3474 distr.
176 3414 351 3492 Ljaskovilr,
380 3435 423 3493 pr.
449 3414 626 3493 Cepelovon,
659 3423 709 3476 mt.
735 3413 870 3492 Olycika,
901 3413 1066 3492 strangulo
1093 3413 1214 3490 (Raab),
1242 3413 1317 3473 Teu·

69 3499 180 3572 merka,
213 3501 348 3560 Peristari
376 3499 484 3578 (Hal.);
514 3500 681 3561 Thessalia:
705 3509 755 3562 mt.
779 3501 874 3578 Zygos
896 3499 1063 3579 (Hausslr.),
1096 3499 1243 3561 Wutades
1272 3521 1315 3579 pr.

67 3585 242 3646 Sernreniko
265 3587 374 3666 (Sinti
397 3585 517 3647 Cbaliki
539 3588 569 3645 in
586 3586 690 3659 Pindo,
714 3597 764 3646 mt.
781 3587 883 3647 Pelion
900 3587 1030 3664 (Pomm).
1056 3587 1180 3650 —dun
1203 3585 1266 3648 Jul.
1286 3587 1316 3645 tl.

289 3697 338 3746 ><><
361 3689 448 3750 Folia
477 3690 588 3761 latiora,
618 3688 873 3770 linearielliptica,
903 3691 1033 3770 oblonga
1063 3690 1111 3751 vel
1139 3699 1235 3760 ovata,
1267 3691 1317 3750 vix

360 3776 613 3922 piapligleaglatpalycis
662 3777 766 3836 dentes
811 3777 883 3837 labii
928 3779 1086 3858 superioris
1132 3775 1316 3856 triangulari·

361 3966 392 4029 O
416 3967 503 4026 Rami
527 3965 718 4040 teretiusculi;
741 3968 812 4028 folia
835 3989 928 4048 parva
951 3967 999 4028 vel
1022 3967 1190 4030 mediocria.

417 4070 534 4216 .lRami
557 4069 677 4130 floriferi
700 4071 769 4152 plus
793 4073 890 4132 minus
913 4072 1055 4152 elongati;
1080 4069 1212 4150 capitula
1235 4071 1316 4130 invo

459 4167 567 4219 ucrata.

160 4284 208 4340 10.
232 4278 269 4338 Τ.
287 4276 469 4351 Sibthorpli
487 4278 594 4340 Bentb.
617 4279 676 4340 leb.
699 4301 726 4361 p.
751 4285 828 4350 345;
853 4278 987 4338 Hausslr.
1010 4277 1105 4356 symb.
1128 4299 1157 4358 p.
1176 4284 1217 4342 50
1240 4285 1317 4356 (curn

66 4365 90 4426 f.
115 4362 250 4444 micula,
275 4363 425 4444 capitula,
445 4363 650 4445 qraudifloru
672 4371 702 4428 et
717 4365 918 4447 perviderat.
944 4400 986 4410 -
1011 4364 1044 4427 Τ.
1069 4365 1263 4430 lanceolatue
1286 4365 1317 4426 S.

66 4461 98 4510 et
120 4450 151 4512 S.
173 4471 217 4530 pr.
242 4451 267 4512 I.
291 4472 321 4530 p.
345 4457 416 4522 419,
440 4472 501 4512 non
524 4452 607 4512 Desf.
631 4487 673 4496 -
698 4451 731 4514 T.
753 4453 921 4533 plubralua
936 4451 991 4512 Ch.
1014 4461 1044 4512 et
1065 4451 1100 4512 B.
1123 4473 1190 4530 exp.
1214 4473 1241 4531 p.
1267 4457 1317 4518 38.

66 4535 117 4600 Fl.
141 4537 237 4617 pelop.
261 4557 288 4616 p.
316 4543 391 4610 172;
422 4537 517 4598 Fraas
544 4538 577 4598 fl
607 4537 693 4599 class.
718 4559 747 4617 p.
776 4544 850 4610 1783
880 4559 941 4598 norr
966 4538 1083 4599 Hoffnr.
1106 4549 1136 4598 et
1158 4537 1248 4603 Linlr.
1274 4573 1315 4582 -

1148 4656 1197 4710 35*
