3208 5150
654 449 821 514 Compositae.
1342 448 1360 508 7

295 629 346 677 ><><
366 623 469 686 Pappus
496 637 510 672 e
537 623 596 672 setis
622 623 713 673 ciliatis
740 623 927 686 subplumosis,
955 623 1009 672 basi
1036 625 1063 671 in
1089 625 1213 674 annulum
1238 627 1363 676 concretis

366 693 525 756 compositus.

559 777 607 832 60.
627 775 849 834 Carduncellus
868 781 918 833 Ad.

269 869 294 927 β.
314 866 419 928 Pappus
437 879 450 913 e
468 867 528 914 setis
548 868 579 916 10
593 867 761 916 exterioribus
780 868 863 932 longis
881 875 906 918 et
927 869 958 918 10
973 869 1136 918 interioribus
1154 868 1281 929 brevibus,
1301 885 1360 919 cum

314 935 367 982 illis
384 934 570 983 alternantibus
588 941 714 986 constans

629 1021 678 1078 61.
698 1019 807 1076 Caicus
824 1023 853 1073 L.

198 1143 233 1192 ll.
254 1143 363 1193 Divisio.
382 1139 550 1207 Lipulr'florae
560 1144 611 1194 DC.
629 1159 668 1206 pr.
681 1143 740 1193 Vll.
751 1159 776 1206 p,
791 1145 830 1198 74,
845 1170 875 1178 -
892 1143 1008 1192 Corollac
1021 1144 1244 1206 omnesligulatae‚
1264 1144 1362 1192 berma-

113 1213 259 1274 pbroditae;
289 1212 370 1274 stylus
392 1213 440 1261 sub
464 1213 536 1275 apice
561 1227 642 1273 neque
666 1213 816 1262 articulatus
840 1227 886 1261 nec
904 1213 1125 1272 nodoso-inflatus;
1153 1214 1274 1262 antherae
1291 1214 1364 1277 apice

112 1282 333 1344 appendiculam,
353 1281 407 1330 basi
426 1283 564 1344 sagittatae.

181 1361 213 1409 A.
233 1360 338 1408 Herbae
355 1361 472 1423 spinosae
491 1360 631 1421 (Cartbami
650 1359 735 1419 tacie);
761 1359 849 1423 paleae
872 1359 977 1408 acheuia
995 1360 1164 1421 involventes,
1190 1361 1361 1424 pericarpium

236 1429 288 1477 lata
307 1429 403 1477 alatum
422 1429 577 1479 simulantes.

203 1550 243 1601 12.
262 1551 363 1602 Tribus.
393 1547 539 1614 Scolymeue
557 1550 853 1612 Less.syn.·p.12tl.-
866 1549 1062 1612 Receptaculum
1081 1550 1241 1612 paleacenm3
1260 1565 1365 1614 pappus

113 1621 301 1680 omniformis,
321 1621 413 1670 brevis.

602 1686 650 1740 62.
670 1684 831 1750 scolymus
849 1686 878 1736 L.

185 1777 214 1826 B.
234 1775 338 1824 Herbae
356 1776 464 1824 inerme
470 1791 476 1836 ;
496 1775 583 1838 paleae
602 1790 658 1822 cum
678 1774 771 1822 adsunt
789 1773 893 1822 achenia
911 1788 962 1822 nou
980 1773 1148 1824 involventes.

204 1855 223 1905 l.
242 1853 442 1917 Receptaculum
461 1854 606 1917 puleaceum
627 1852 667 1902 vel
686 1859 804 1905 setosum,

205 1977 244 2025 13.
263 1975 363 2023 Tribus.
394 1971 588 2024 Outanurtcbeuc
607 1973 712 2022 Schultz
730 1973 756 2020 in
775 1971 867 2035 Boupl.
890 1972 962 2022 1860.
991 1988 1016 2036 p.
1036 1973 1093 2024 367.
1113 2000 1146 2009 -
1165 1975 1364 2038 Receptaculam

114 2050 227 2094 setosum
246 2045 288 2094 vel
307 2044 421 2106 margine
438 2043 584 2107 paleaceum
594 2059 600 2102 ;
619 2057 721 2106 pappus
739 2041 813 2104 louge
832 2041 972 2104 paleaceus.

219 2137 243 2174 a.
262 2122 461 2184 Receptaculnm
479 2121 780 2171 setoso-timbrilliicrum.

586 2205 634 2264 63.
653 2201 851 2259 Catanancbe
870 2206 899 2256 L.

220 2297 245 2346 b.
264 2295 463 2358 Receptaculum
482 2295 513 2344 ad
533 2295 703 2359 peripheriam
723 2294 803 2357 paleis
822 2293 880 2342 latis
901 2292 966 2342 1-2
981 2291 1114 2342 serialibus
1133 2293 1252 2354 obsitum,
1278 2300 1366 2342 centro

271 2365 484 2415 subtimbriatum.

552 2448 599 2504 64.
619 2447 850 2516 Hymenonama
868 2447 935 2499 Cass.

207 2591 247 2639 14.
267 2589 367 2650 Tribus.
395 2585 626 2653 Hypocltucridecc
644 2589 713 2637 Less.
732 2603 786 2649 syn.
806 2603 832 2650 p.
852 2589 909 2637 130.
929 2615 962 2622 —
981 2586 1177 2651 Receptaculum
1203 2586 1365 2650 paleaceum;

111 2674 220 2722 pappus
239 2658 378 2721 plumosus.

221 2751 245 2786 a.
264 2737 369 2801 Pappus
386 2736 535 2796 coulorrnis,
560 2735 659 2783 nni-vel
684 2735 816 2794 biserialis,
843 2735 919 2784 radiis
937 2735 1068 2798 plumosis,
1092 2735 1146 2782 basi
1172 2749 1222 2783 nou
1240 2733 1364 2793 dilatatis,

270 2807 382 2854 externis
400 2821 457 2855 cum
476 2807 569 2854 adsunt
586 2804 707 2853 brevibus
720 2805 899 2865 setiiormibus,
919 2809 964 2852 aut
982 2804 1103 2863 bitormis,
1122 2803 1284 2852 acheuiorum
1300 2803 1365 2852 radii

274 2877 299 2923 in
318 2889 435 2924 eoronam
455 2875 558 2925 brevem
577 2874 729 2922 fimbriatum
748 2879 870 2936 mutatus,
889 2875 951 2922 disci
969 2874 1108 2937 plumosus.

579 2956 624 3013 66.
642 2957 858 3026 Hypocbaoris
877 2961 905 3012 L.

223 3050 247 3098 b.
267 3049 370 3112 Pappus
395 3049 556 3098 achenlorum
584 3047 735 3096 neutralium
760 3046 897 3106 biscriaiis,
923 3047 999 3095 radiis
1026 3045 1132 3095 internis
1156 3046 1286 3108 plumosis,
1311 3046 1365 3094 basi

269 3119 518 3180 palenoso-dilatatis,
543 3119 654 3165 externis
673 3117 828 3165 brevissimis
847 3116 1032 3175 setiiormibus;
1058 3115 1220 3165 acheuiorum
1239 3115 1365 3177 margina-

2 3223 5 3350 ἱ
269 3188 332 3235 lium
351 3188 452 3252 saepius
470 3187 556 3236 nullus
575 3186 616 3235 vel
634 3187 774 3235 abortivus.

627 3271 674 3325 66.
694 3269 817 3324 Scrinia
835 3273 862 3322 L.

208 3431 248 3480 15.
267 3429 368 3478 Tribus.
402 3425 545 3493 Rodipieae
564 3429 616 3482 DC,
636 3444 674 3491 pr.
693 3429 752 3478 vll.
772 3445 796 3492 p.
816 3429 856 3478 98.
877 3455 910 3464 —-
928 3427 1126 3490 Receptaculum
1152 3427 1297 3491 paleaceum
1324 3427 1366 3476 vel

3 3455 5 3566 i
115 3500 195 3562 louge
213 3505 339 3558 setosum;
357 3511 458 3560 pappus
477 3503 581 3552 setosus,

223 3591 245 3625 a.
265 3575 462 3638 Receptaculum
481 3575 561 3637 paleis
578 3575 734 3637 lanceolatis,
753 3576 915 3624 acheuiorum
930 3579 1011 3623 rostro
1022 3576 1066 3623 vix
1077 3575 1237 3624 brevioribus
1245 3575 1365 3623 obsitum.

577 3660 623 3714 67.
647 3659 779 3726 itodlgia
798 3662 904 3725 Spreng.

224 3750 247 3799 b.
268 3747 467 3811 Receptaculum
486 3748 545 3795 setis
563 3748 668 3797 achenia
685 3749 854 3810 aequantibus
872 3747 914 3797 vel
933 3747 1112 3811 superantibus
1130 3748 1247 3796 obsitum.

572 3833 618 3888 68.
639 3832 806 3900 Lagoseris
825 3837 859 3884 M.
880 3837 908 3887 B.

206 3939 240 3989 ll.
259 3938 459 4002 Receptaculum
478 3953 524 3987 uec
542 3938 687 4001 paleaceum
707 3954 753 3988 nec
772 3945 891 3988 setosum.

144 4025 160 4090 ξ
180 4027 293 4075 Achenia
311 4026 392 4086 calva,
412 4033 456 4074 aut
474 4040 560 4089 pappo
579 4025 696 4086 paleaceo
716 4025 756 4074 vcl
775 4026 949 4088 cupulilormi,
967 4025 1087 4074 interiora
1106 4005 1234 4072 interdum
1253 4038 1340 4087 pappo

630 4101 710 4142 setoso
728 4103 854 4158 superata.

210 4252 248 4300 16,
268 4251 369 4300 Tribus.
397 4247 574 4314 Hyoaeridcac
595 4251 661 4300 Lcss.
687 4265 741 4311 syn.
761 4265 785 4312 p.
807 4249 862 4299 127.
882 4275 917 4284 —
936 4249 1040 4312 Pappus
1063 4249 1196 4312 paleuceus
1220 4248 1262 4297 vel
1285 4263 1366 4311 cupu-

122 4319 235 4438 {ppgpsis
254 4320 341 4384 paleae
360 4335 434 4384 saepe
452 4321 479 4368 in
499 4320 581 4383 pilum
601 4320 767 4406 aeliminatue,
785 4319 829 4367 sed
848 4333 930 4381 noque
943 4319 1081 4396 plumesce,
1100 4333 1182 4380 neque
1200 4333 1216 4367 a
1233 4318 1287 4367 basi
1306 4319 1363 4380 pili-

214 4429 246 4516 ἀ.
265 4467 371 4529 Ligulae
383 4467 512 4516 coeruleac
526 4467 593 4526 (raro
606 4482 690 4516 roseac
703 4467 744 4516 vel
763 4467 860 4530 albae);
879 4467 983 4516 acheuia
995 4481 1080 4530 pappo
1093 4467 1174 4528 brevi,
1194 4467 1261 4514 2-3
1270 4465 1368 4528 seriali,

268 4537 375 4600 paleolis
394 4537 435 4586 vel
454 4537 542 4586 setulis
560 4542 690 4586 constante
707 4545 833 4586 coronata.

597 4623 645 4678 69.
665 4621 838 4676 Cicborium
857 4624 886 4674 L.
